<?xml version="1.0" encoding="UTF-8"?>
<record xmlns="http://www.loc.gov/MARC21/slim" xmlns:xsi="http://www.w3.org/2001/XMLSchema-instance" xsi:schemaLocation="http://www.loc.gov/MARC21/slim http://www.loc.gov/standards/marcxml/schema/MARC21slim.xsd">
<leader>     nam a2200253 a 4500</leader>
<controlfield tag="001">001677331</controlfield>
<controlfield tag="003">NNU</controlfield>
<controlfield tag="005">20001218195911.0</controlfield>
<controlfield tag="008">940726s1877    ua            000 0 ara d</controlfield>
<datafield tag="035" ind1="9" ind2=" ">
<subfield code="a">NYUb12220709</subfield>
</datafield>
<datafield tag="035" ind1=" " ind2=" ">
<subfield code="a">(CStRLIN)NJPG94-B43906</subfield>
</datafield>
<datafield tag="040" ind1=" " ind2=" ">
<subfield code="a">NjP</subfield>
<subfield code="c">NjP</subfield>
</datafield>
<datafield tag="100" ind1="1" ind2=" ">
<subfield code="a">Ibn al-Qāṣiḥ, ʻAlī ibn ʻUthmān,</subfield>
<subfield code="d">1316 or 17-1398 or 9.</subfield>
</datafield>
<datafield tag="245" ind1="1" ind2="0">
<subfield code="a">Sharḥ al-ʻAllāmah Ibn al-Qāṣiḥ ʻalá al-Shāṭibīyah :</subfield>
<subfield code="b">al-musammá bi-Sirāj al-qāriʼ al-mubtadī wa-tadhkār al-muqriʼ al-muntahī. Wa-bi-hāmishihi Ghayth al-nafʻ fī al-qirāʼāt al-sabʻ / li-ʻAlī al-Nūrī al-Ṣafāqisī.</subfield>
</datafield>
<datafield tag="260" ind1=" " ind2=" ">
<subfield code="a">[Cairo] :</subfield>
<subfield code="b">al-Maṭbaʻah al-Kubrá al-ʻĀmirah,</subfield>
<subfield code="c">1293 [1877]</subfield>
</datafield>
<datafield tag="300" ind1=" " ind2=" ">
<subfield code="a">418 p. ;</subfield>
<subfield code="c">27 cm.</subfield>
</datafield>
<datafield tag="500" ind1=" " ind2=" ">
<subfield code="a">With as issued, al-Safāqsi, 'Ali al-Nūri. Ghaith al-nafa' fī al-qirā'āt al-sab'.</subfield>
</datafield>
<datafield tag="600" ind1="1" ind2="0">
<subfield code="a">Shāṭibī, al-Qāsim ibn Fīrruh,</subfield>
<subfield code="d">1144-1194.</subfield>
<subfield code="t">Ḥirz al-amānī.</subfield>
</datafield>
<datafield tag="740" ind1="0" ind2="1">
<subfield code="a">Sirāj al-qāriʼ al-mubtadī wa-tadhkār al-muqriʼ al-muntahī.</subfield>
</datafield>
<datafield tag="740" ind1="0" ind2="1">
<subfield code="a">Sharḥ Ibn al-Qāṣiḥ ʻalá al-Shāṭibīyah.</subfield>
</datafield>
<datafield tag="700" ind1="1" ind2="2">
<subfield code="a">Nūrī al-Ṣafāqisī, ʻAlī ibn Muḥammad,</subfield>
<subfield code="d">ca. 1643-1706.</subfield>
<subfield code="t">Ghayth al-nafʻ fī al-qirāʼāt al-sabʻ.</subfield>
<subfield code="f">1293 [1877].</subfield>
</datafield>
<datafield tag="740" ind1="0" ind2="1">
<subfield code="a">Ghayth al-nafʻ fī al-qirāʼāt al-sabʻ.</subfield>
</datafield>
<datafield tag="OWN" ind1=" " ind2=" ">
<subfield code="a">GENERAL</subfield>
</datafield>
<datafield tag="950" ind1=" " ind2=" ">
<subfield code="l">BMAIN</subfield>
<subfield code="a">BP174</subfield>
<subfield code="b">.I16</subfield>
</datafield>
<datafield tag="955" ind1=" " ind2=" ">
<subfield code="l">BMAIN</subfield>
<subfield code="c">1</subfield>
<subfield code="r">027484578</subfield>
</datafield>
<datafield tag="998" ind1=" " ind2=" ">
<subfield code="s">9124</subfield>
</datafield>
<datafield tag="AVA" ind1=" " ind2=" ">
<subfield code="a">NYU50</subfield>
<subfield code="b">BOBST</subfield>
<subfield code="c">Main Collection</subfield>
<subfield code="d">BP174 .I16</subfield>
<subfield code="e">unavailable</subfield>
<subfield code="t">Unavailable</subfield>
<subfield code="f">1</subfield>
<subfield code="g">1</subfield>
<subfield code="h">N</subfield>
<subfield code="i">0</subfield>
<subfield code="j">MAIN</subfield>
<subfield code="k">0</subfield>
</datafield>
</record>
